<record><leader>00000cas a22000007a 4500</leader><controlfield tag="001">10227267</controlfield><controlfield tag="008">831216d18411923pauwr ne      0    0eng d</controlfield><datafield ind1=" " ind2=" " tag="010"><subfield code="a">sn 83032277 </subfield></datafield><datafield ind1=" " ind2=" " tag="040"><subfield code="a">NPU</subfield><subfield code="b">eng</subfield><subfield code="c">NPU</subfield><subfield code="d">NPH</subfield><subfield code="d">NPX</subfield><subfield code="d">OCLCQ</subfield></datafield><datafield ind1=" " ind2=" " tag="042"><subfield code="a">msc</subfield></datafield><datafield ind1="0" ind2=" " tag="130"><subfield code="a">Clinton Democrat (Lock Haven, Pa.)</subfield></datafield><datafield ind1="1" ind2="4" tag="245"><subfield code="a">The Clinton Democrat.</subfield></datafield><datafield ind1=" " ind2=" " tag="260"><subfield code="a">Lock Haven, Pa. :</subfield><subfield code="b">S.S. Seely,</subfield><subfield code="c">-1923.</subfield></datafield><datafield ind1=" " ind2=" " tag="300"><subfield code="a">v. :</subfield><subfield code="b">ill. ;</subfield><subfield code="c">54-72 cm.</subfield></datafield><datafield ind1=" " ind2=" " tag="310"><subfield code="a">Weekly,</subfield><subfield code="b">1915-1923</subfield></datafield><datafield ind1=" " ind2=" " tag="321"><subfield code="a">Weekly,</subfield><subfield code="b">1841-1903</subfield></datafield><datafield ind1=" " ind2=" " tag="321"><subfield code="a">Semiweekly,</subfield><subfield code="b">1904-1914</subfield></datafield><datafield ind1="1" ind2=" " tag="362"><subfield code="a">Began in 1841.</subfield><subfield code="z">Cf. Rossell, G.E. Pa. newspapers.</subfield></datafield><datafield ind1="0" ind2=" " tag="362"><subfield code="a">-v. 81, no. 17 (Sept. 28, 1923).</subfield></datafield><datafield ind1=" " ind2=" " tag="500"><subfield code="a">Publishers: H.L. Dieffenbach, &lt;1862-1864&gt;; J.C.C. Whaley, &lt;1873-1876&gt;.</subfield></datafield><datafield ind1=" " ind2=" " tag="500"><subfield code="a">Editor: J.C.C. Whaley, &lt;1876&gt;.</subfield></datafield><datafield ind1=" " ind2=" " tag="580"><subfield code="a">Absorbed: Clinton County Democrat (Lock Haven, Pa.). Cf. Linn, J.B. Hist. of Centre and Clinton Counties, Pa., 1883.</subfield></datafield><datafield ind1=" " ind2=" " tag="588"><subfield code="a">Description based on: Vol. 2, no. 8 (July 25, 1844).</subfield></datafield><datafield ind1=" " ind2=" " tag="752"><subfield code="a">United States</subfield><subfield code="b">Pennsylvania</subfield><subfield code="c">Clinton</subfield><subfield code="d">Lock Haven.</subfield></datafield><datafield ind1="1" ind2="5" tag="780"><subfield code="t">Clinton County Democrat (Lock Haven, Pa.)</subfield><subfield code="g">1845</subfield><subfield code="w">(DLC)sn 85054686</subfield></datafield><datafield ind1="0" ind2="7" tag="785"><subfield code="t">Clinton Republican (Lock Haven, Pa.)</subfield><subfield code="w">(DLC)sn 83032278</subfield></datafield><datafield ind1="0" ind2="7" tag="785"><subfield code="t">Lock Haven weekly express</subfield><subfield code="w">(DLC)sn 85054685</subfield></datafield></record>